
@article{CichockiStokesdragconglomerates1995,
  title = {Stokes Drag on Conglomerates of Spheres},
  author = {Cichocki, B and Hinsen, Konrad},
  year = {1995},
  volume = {7},
  pages = {285--291},
  doi = {10.1063/1.868626},
  copyright = {All rights reserved},
  file = {/Users/hinsen/Zotero/storage/9537GSQ4/Phys Fluids_7_285.pdf},
  journal = {Phys Fluids},
  number = {2}
}

@article{HinsenHYDROLIBlibraryevaluation1995,
  title = {{{HYDROLIB}}: A Library for the Evaluation of Hydrodynamic Interactions in Colloidal Suspensions},
  shorttitle = {{{HYDROLIB}}},
  author = {Hinsen, K.},
  year = {1995},
  month = aug,
  volume = {88},
  pages = {327--340},
  issn = {00104655},
  doi = {10.1016/0010-4655(95)00029-F},
  copyright = {All rights reserved},
  file = {/Users/hinsen/Zotero/storage/RBD48WXU/Hinsen - 1995 - HYDROLIB a library for the evaluation of hydrodyn.pdf},
  journal = {Computer Physics Communications},
  language = {en},
  number = {2-3}
}


